<?xml version="1.0" encoding="UTF-8"?><collection xmlns="http://www.loc.gov/MARC21/slim"><record><leader>00542nam--2200157-i-4500</leader><controlfield tag="001">000004344</controlfield><controlfield tag="002">20161230</controlfield><controlfield tag="005">20170210010843</controlfield><controlfield tag="008">060222s1000------------r-----000-0-eng-d</controlfield><datafield ind1=" " ind2=" " tag="100"><subfield code="a">Dzhelepov, V. P</subfield></datafield><datafield ind1=" " ind2=" " tag="245"><subfield code="a">Investigations on high energy physics performed on the synchrocyclotron at the laboratory of nuclear problems of the joint institute for nuclear research</subfield></datafield><datafield ind1=" " ind2=" " tag="260"><subfield code="a">Berlin</subfield><subfield code="b">Akademie-Verlag</subfield><subfield code="c">1958</subfield></datafield><datafield ind1=" " ind2=" " tag="300"><subfield code="a">60 p</subfield></datafield><datafield ind1=" " ind2=" " tag="490"><subfield code="a">Joint Institute For Nuclear Research</subfield></datafield><datafield ind1=" " ind2=" " tag="700"><subfield code="a">Pontecorvo, B. M</subfield></datafield><datafield ind1=" " ind2=" " tag="CAT"><subfield code="a">SYS</subfield><subfield code="c">20170210</subfield><subfield code="h">010843</subfield></datafield></record></collection>